@article{chan1996optimal,
  title={Optimal output-sensitive convex hull algorithms in two and three dimensions},
  author={Chan, T.M.},
  journal={Discrete \& Computational Geometry},
  volume={16},
  number={4},
  pages={361--368},
  year={1996},
  publisher={Springer}
}

@misc{website:monotonechainweb,
	author={Dan Sunday},
	title={The Convex Hull of a  2D Point Set or Polygon},
	month={November},
	year={2010},
	howpublished = "\url{http://www.webcitation.org/5uY0uFNqR}"
}